<record><leader>00000cas a2200000 a 4500</leader><controlfield tag="001">5086957</controlfield><controlfield tag="008">790620d19391981azuwr n       0    0spa c</controlfield><datafield ind1=" " ind2=" " tag="010"><subfield code="a">sn 86090862 </subfield></datafield><datafield ind1=" " ind2=" " tag="040"><subfield code="a">IXA</subfield><subfield code="b">eng</subfield><subfield code="c">IXA</subfield><subfield code="d">OCL</subfield><subfield code="d">PPM</subfield><subfield code="d">NST</subfield><subfield code="d">CNK</subfield><subfield code="d">IXA</subfield><subfield code="d">ANN</subfield><subfield code="d">OCLCQ</subfield><subfield code="d">OCLCO</subfield></datafield><datafield ind1=" " ind2=" " tag="012"><subfield code="i">9004</subfield></datafield><datafield ind1=" " ind2=" " tag="019"><subfield code="a">10722216</subfield></datafield><datafield ind1="1" ind2=" " tag="029"><subfield code="a">AU@</subfield><subfield code="b">000025792396</subfield></datafield><datafield ind1=" " ind2=" " tag="042"><subfield code="a">pcc</subfield></datafield><datafield ind1=" " ind2=" " tag="043"><subfield code="a">n-us-az</subfield></datafield><datafield ind1=" " ind2="4" tag="050"><subfield code="a">E184.M5</subfield><subfield code="b">S742</subfield></datafield><datafield ind1="0" ind2=" " tag="130"><subfield code="a">Sol (Phoenix, Ariz. : 1939)</subfield></datafield><datafield ind1="1" ind2="3" tag="245"><subfield code="a">El sol.</subfield></datafield><datafield ind1=" " ind2=" " tag="260"><subfield code="a">Phoenix, Ariz. :</subfield><subfield code="b">J.C. Franco,</subfield><subfield code="c">-1981.</subfield></datafield><datafield ind1=" " ind2=" " tag="300"><subfield code="a">42 v. :</subfield><subfield code="b">ill. ;</subfield><subfield code="c">57 cm.</subfield></datafield><datafield ind1=" " ind2=" " tag="310"><subfield code="a">Weekly</subfield></datafield><datafield ind1="1" ind2=" " tag="362"><subfield code="a">Began in 1939?</subfield></datafield><datafield ind1="0" ind2=" " tag="362"><subfield code="a">-an&#771;o 42, t. 28, no. 1942 (2 de enero de 1981).</subfield></datafield><datafield ind1=" " ind2=" " tag="500"><subfield code="a">Later published by: Voz Hispana, Inc.</subfield></datafield><datafield ind1=" " ind2=" " tag="546"><subfield code="a">In Spanish.</subfield></datafield><datafield ind1=" " ind2=" " tag="588"><subfield code="a">Description based on: An&#771;o 4, no. 147 (23 de enero de 1942).</subfield></datafield><datafield ind1=" " ind2="0" tag="650"><subfield code="a">Hispanic Americans</subfield><subfield code="z">Arizona</subfield><subfield code="v">Newspapers.</subfield></datafield><datafield ind1=" " ind2="0" tag="650"><subfield code="a">Mexican Americans</subfield><subfield code="z">Arizona</subfield><subfield code="v">Newspapers.</subfield></datafield><datafield ind1=" " ind2="0" tag="650"><subfield code="a">Mexicans</subfield><subfield code="z">Arizona</subfield><subfield code="z">Newspapers.</subfield></datafield><datafield ind1=" " ind2="0" tag="651"><subfield code="a">Phoenix (Ariz.)</subfield><subfield code="v">Newspapers.</subfield></datafield><datafield ind1=" " ind2=" " tag="752"><subfield code="a">United States</subfield><subfield code="b">Arizona</subfield><subfield code="c">Maricopa</subfield><subfield code="d">Phoenix.</subfield></datafield><datafield ind1="0" ind2="0" tag="785"><subfield code="t">Sol de Arizona</subfield><subfield code="w">(DLC)sn 88084221</subfield><subfield code="w">(OCoLC)18440337</subfield></datafield><datafield ind1=" " ind2=" " tag="850"><subfield code="a">AzU</subfield><subfield code="a">TxU</subfield></datafield></record>